@misc{web,
    author			= {Nordic Infocenter},
    title			= {nRF52840 datasheet},
    howpublished	= {Nordic Infocenter, \url{https://infocenter.nordicsemi.com/pdf/nRF52840_PS_v1.1.pdf}},
    year			= {2019},
    month			= {Mayo},
    note			= {Accedido en febrero de 2024},
    language        = {spanish},
}

@misc{web2,
    author			= {Arduino Docs},
    title			= {Arduino Nano 33 BLE},
    howpublished	= {Arduino Docs, \url{https://docs.arduino.cc/resources/datasheets/ABX00030-datasheet.pdf}},
    year			= {2019},
    month			= {Mayo},
    note			= {Accedido en febrero de 2024},
    language        = {spanish},
}
% configuracion general

@misc{web3,
    author			= {Arduino Docs},
    title			= {Get Started With Machine Learning on Arduino},
    howpublished	= {Arduino Docs, \url{https://docs.arduino.cc/tutorials/nano-33-ble-sense/get-started-with-machine-learning/}},
    year			= {2024},
    month			= {febrero},
    note			= {Accedido en febrero de 2024},
    language        = {spanish},
}

% instalacion de tensorflow
@misc{tensorflow,
  author = {videvelop},
  title = {tflite-micro-arduino-examples},
  howpublished = {tensorflow, \url{https://github.com/tensorflow/tflite-micro-arduino-examples}},
  year = {2022},
  month = {Agosto},
  note = {Instalaci√≥n de TensorFlow},
  language = {spanish},
}
% codes
@misc{TensorFlowLite,
  author = {Arduino},
  title = {ArduinoTensorFlowLiteTutorials},
  howpublished = {Arduino, \url{https://github.com/arduino/ArduinoTensorFlowLiteTutorials/tree/master}},
  year = {2020},
  month = {Agosto},
  note = {Primer y segunda parte, captura de gestos y clasificador},
 language = {spanish},
}
% code imu

@misc{ArduinoSketches1,
  author = {Arduino},
  title = {IMU Capture},
  howpublished = {Arduino, \url{https://github.com/arduino/ArduinoTensorFlowLiteTutorials/tree/master/GestureToEmoji/ArduinoSketches/IMU_Capture}},
  year = {2020},
  month = {Agosto},
  note = {Primer parte, captura de gestos.},
  language = {spanish},
}
% code clasifier

@misc{ArduinoSketches2,
  author = {Arduino},
  title = {IMU Classifier},
  howpublished = {Arduino, \url{https://github.com/arduino/ArduinoTensorFlowLiteTutorials/tree/master/GestureToEmoji/ArduinoSketches/IMU_Classifier}},
  year = {2020},
  month = {Agosto},
  note = {Segunda parte, clasificador.},
  language = {spanish},
}
% notebook
@misc{web4,
    author			= {Arduino Docs},
    title			= {Tiny ML on Arduino},
    howpublished	= {Arduino, \url{https://colab.research.google.com/github/arduino/ArduinoTensorFlowLiteTutorials/blob/master/GestureToEmoji/arduino_tinyml_workshop.ipynb#scrollTo=9J33uwpNtAku}},
    year			= {2024},
    month			= {febrero},
    note			= {Accedido en febrero de 2024},
    language        = {spanish},
}

@misc{giroscopio,
    author			= {ST life.augmented},
    title			= {9-axis iNEMO inertial module (IMU): 3D magnetometer, 3D accelerometer, 3D gyroscope with I2C and SPI},
    howpublished	= {\url{https://www.st.com/en/mems-and-sensors/lsm9ds1.html#overview}},
    year			= {2015},
    month			= {setiembre},
    note			= {Accedido en febrero de 2024},
    language        = {spanish},
}